
@Article{Wightman1999,
  author  = {Wightman, Frederic L. and Kistler, Doris J.},
  journal = {The Journal of the Acoustical Society of America},
  title   = {Resolution of front–back ambiguity in spatial hearing by listener and source movement},
  year    = {1999},
  number  = {5},
  pages   = {2841--2853},
  volume  = {105},
  doi     = {10.1121/1.426899},
}

@Article{Arbogast2005,
  author  = {Arbogast, Tanya L. and Mason, Christine R. and Kidd, Gerald},
  journal = {The Journal of the Acoustical Society of America},
  title   = {The effect of spatial separation on informational masking of speech in normal-hearing and hearing-impaired listeners},
  year    = {2005},
  number  = {4},
  pages   = {2169--2180},
  volume  = {117},
  doi     = {10.1121/1.1861598},
}

@Article{Kavanagh2017,
  author   = {Kavanagh, Sam and Luxton-Reilly, Andrew and Wuensche, Burkhard and Plimmer, Beryl},
  journal  = {Themes in Science and Technology Education},
  title    = {A systematic review of Virtual Reality in education},
  year     = {2017},
  number   = {2},
  pages    = {85--119},
  volume   = {10},
}

@Article{Drullman2000,
  author  = {Drullman, Rob and Bronkhorst, Adelbert},
  journal = {The Journal of the Acoustical Society of America},
  title   = {Multichannel speech intelligibility and talker recognition using monaural, binaural, and three-dimensional auditory presentation},
  year    = {2000},
  pages   = {2224--2235},
  volume  = {107},
  doi     = {10.1121/1.428503},
}

@Article{Dawes2009,
  author  = {Dawes, Piers and Bishop, Dorothy},
  journal = {International journal of language \& communication disorders / Royal College of Speech \& Language Therapists},
  title   = {Auditory processing disorder in relation to developmental disorders of language, communication and attention: A review and critique Research Report},
  year    = {2009},
  pages   = {440--465},
  volume  = {44},
  doi     = {10.1080/13682820902929073},
}

@Article{Tyler2010,
  author  = {Tyler, Richard and Witt, Shelley and Dunn, Camille and Wang, Wenjun},
  journal = {Journal of the American Academy of Audiology},
  title   = {Initial Development of a Spatially Separated Speech-in-Noise and Localization Training Program},
  year    = {2010},
  pages   = {390--403},
  volume  = {21},
  doi     = {10.3766/jaaa.21.6.4},
}

@Article{Jones2011,
  author  = {Jones, Gary and Litovsky, Ruth},
  journal = {The Journal of the Acoustical Society of America},
  title   = {A cocktail party model of spatial release from masking by both noise and speech interferers},
  year    = {2011},
  pages   = {1463--1474},
  volume  = {130},
  doi     = {10.1121/1.3613928},
}

@article{arbogast2002effect,
	title={The effect of spatial separation on informational and energetic masking of speech},
	author={Arbogast, Tanya L and Mason, Christine R and Kidd Jr, Gerald},
	journal={The Journal of the Acoustical Society of America},
	volume={112},
	number={5},
	pages={2086--2098},
	year={2002},
	publisher={Acoustical Society of America}
}

@Article{Cameron2011,
  author  = {Cameron, Sharon and Dillon, Harvey},
  journal = {Journal of the American Academy of Audiology},
  title   = {Development and Evaluation of the LiSN \& Learn Auditory Training Software for Deficit-Specific Remediation of Binaural Processing Deficits in Children: Preliminary Findings},
  year    = {2011},
  pages   = {678--696},
  volume  = {22},
  doi     = {10.3766/jaaa.22.10.6},
}

@article{SoliWong2008,
	author = {Soli, Sigfrid and Wong, Lena},
	year = {2008},
	month = {07},
	pages = {356-61},
	title = {Assessment of speech intelligibility in noise with the Hearing in Noise Test},
	volume = {47},
	journal = {International journal of audiology},
	doi = {10.1080/14992020801895136}
}

@article{Cameron2007,
	author = {Cameron, Sharon and Dillon, Harvey},
	year = {2007},
	month = {04},
	pages = {196-211},
	title = {Development of the Listening in Spatialized Noise-Sentences Test (LISN-S)},
	volume = {28},
	journal = {Ear and hearing},
	doi = {10.1097/AUD.0b013e318031267f}
}

@article{cameron2008listening,
	title={The Listening in Spatialized Noise--Sentences Test (LISN-S): Comparison to the prototype LISN and results from children with either a suspected (central) auditory processing disorder or a confirmed language disorder},
	author={Cameron, Sharon and Dillon, Harvey},
	journal={Journal of the American Academy of Audiology},
	volume={19},
	number={05},
	pages={377--391},
	year={2008},
	publisher={Thieme Medical Publishers}
}

@article{Joiko2021,
	author = {Joiko, Jasmin and Bohnert, Andrea and Strieth, Sebastian and Soli, Sigfrid and Rader, Tobias},
	year = {2021},
	month = {11},
	pages = {927-933},
	title = {The German hearing in noise test},
	volume = {60},
	journal = {International Journal of Audiology},
	doi = {10.1080/14992027.2020.1837969}
}

@article{schroeder2015childlex,
	title={childLex: A lexical database of German read by children},
	author={Schroeder, Sascha and Würzner, Kay-Michael and Heister, Julian and Geyken, Alexander and Kliegl, Reinhold},
	journal={Behavior research methods},
	volume={47},
	number={4},
	pages={1085--1094},
	year={2015},
	publisher={Springer}
}

@book{Blauert,
    author = {Blauert, Jens},
    title = {Spatial Hearing: The Psychophysics of Human Sound Localization},
    publisher = {The MIT Press},
    year = {1996},
    isbn = {9780262268684},
    doi = {10.7551/mitpress/6391.001.0001},
}

@inproceedings{cuevas20183d,
	title={The 3D Tune-In Toolkit--3D audio spatialiser, hearing loss and hearing aid simulations},
	author={Cuevas-Rodriguez, Maria and Gonzalez-Toledo, Daniel and De La Rubia-Cuestas, Ernesto and Garre, Carlos and Molina-Tanco, Luis and Reyes-Lecuona, Arcadio and Poirier-Quinot, David and Picinali, Lorenzo},
	booktitle={2018 IEEE 4th VR workshop on sonic interactions for virtual environments (SIVE)},
	pages={1--3},
	year={2018},
	organization={IEEE}
}


@Article{Psotka1995,
  author  = {Psotka, Joseph},
  journal = {Instructional Science},
  title   = {Immersive training systems: Virtual reality and education and training},
  year    = {1995},
  pages   = {405--431},
  volume  = {23},
  doi     = {10.1007/BF00896880},
}

@article{Stecker2012,
  title={Binaural hearing, sound localization, and spatial hearing},
  author={Stecker, G. Christoph and Gallun, Frederic J.},
  journal={Translational perspectives in auditory neuroscience: Normal aspects of hearing},
  volume={383},
  pages={383--433},
  year={2012},
}

@Article{Scott2006,
  author  = {Scott, Jack},
  journal = {The Journal of the Acoustical Society of America},
  title   = {Effects of auditory training on hearing aid acclimatization},
  year    = {2006},
  volume  = {120},
  doi     = {10.1121/1.4781399},
}

@Article{Litovsky2012,
  author  = {Litovsky, Ruth},
  journal = {Acoustics Today},
  title   = {Spatial Release from Masking},
  year    = {2012},  
  pages   = {18--25},
  volume  = {8},
  doi     = {10.1121/1.4729575},
}

@Article{Bronkhorst2015,
  author  = {Bronkhorst, Adelbert W.},
  journal = {Attention, perception \& psychophysics},
  title   = {The cocktail-party problem revisited: early processing and selection of multi-talker speech},
  year    = {2015},
  volume  = {77},
  pages   = {1465--1487},
  doi     = {10.3758/s13414-015-0882-9},
}

@inproceedings{minnaar2001importance,
	title={The importance of head movements for binaural room synthesis},
	author={Minnaar, Pauli and Olesen, Soren Krarup and Christensen, Flemming and Moller, Henrik},
	year={2001},
	organization={Georgia Institute of Technology}
}

@article{arend2016measurement,
	title={Measurement and Perceptual Evaluation of a Spherical Near-Field HRTF Set (Messung und perzeptive Evaluierung eines sph{\"a}rischen Satzes von Nahfeld-HRTFs)},
	author={Arend, Johannes M and Neidhardt, Annika and P{\"o}rschmann, Christoph},
	journal={29th Tonmeistertagung},
	year={2016}
}

@inproceedings{porschmann2017spherical,
	title={A spherical near-field HRTF set for auralization and psychoacoustic research},
	author={P{\"o}rschmann, Christoph and Arend, Johannes M and Neidhardt, Annika},
	booktitle={Audio Engineering Society Convention 142},
	year={2017},
	organization={Audio Engineering Society}
}

@Article{Cameron2012,
  author  = {Cameron, Sharon and Glyde, Helen and Dillon, Harvey},
  journal = {Audiology Research},
  title   = {Efficacy of the LiSN \& Learn auditory training software: Randomized blinded control study},
  year    = {2012},
  volume  = {2},
  pages   = {86--93},
  doi     = {10.4081/audiores.2012.e15},
}

@Article{Atilgan2018,
  author  = {Atilgan, Huriye and Town, Stephen and Wood, Katherine and Jones, Gareth and Maddox, Ross and Lee, Adrian KC and Bizley, Jennifer},
  journal = {Neuron},
  title   = {Integration of Visual Information in Auditory Cortex Promotes Auditory Scene Analysis through Multisensory Binding},
  year    = {2018},
  pages	  = {640--655},
  volume  = {97},
  doi     = {10.1016/j.neuron.2017.12.034},
}

@Article{Berger2018,
  author  = {Berger, Christopher and Gonzalez-Franco, Mar and Tajadura-Jiménez, Ana and Florencio, Dinei and Zhang, Zhengyou},
  journal = {Frontiers in Neuroscience},
  title   = {Generic HRTFs May be Good Enough in Virtual Reality. Improving Source Localization through Cross-Modal Plasticity},
  year    = {2018},
  pages	  = {21},
  volume  = {12},
  doi     = {10.3389/fnins.2018.00021},
}

@Article{Beig2019,
  author  = {Beig, Mirza and Kapralos, Bill and Collins, Kc and Mirza-Babaei, Pejman},
  journal = {The Computer Games Journal},
  title   = {An Introduction to Spatial Sound Rendering in Virtual Environments and Games},
  year    = {2019},
  pages	  = {199--214},
  volume  = {8},
  doi     = {10.1007/s40869-019-00086-0},
}

@Article{Cambridge2022,
  author  = {Cambridge, Georgia and Taylor, Tracey and Arnott, Wendy and Wilson, Wayne},
  journal = {International Journal of Audiology},
  title   = {Auditory training for adults with cochlear implants: A systematic review},
  year    = {2022},
  pages	  = {1--9},
  doi     = {10.1080/14992027.2021.2014075},
}

@Article{Pokorni2004,
  author  = {Pokorni, Judith and Worthington, Colleen and Jamison, Patricia},
  journal = {Journal of Educational Research - J EDUC RES},
  title   = {Phonological Awareness Intervention: Comparison of Fast ForWord, Earobics, and LiPS},
  volume  = {97},
  year    = {2004},
  pages	  = {147--158},
  doi     = {10.3200/JOER.97.3.147-158},
}

@article{Noble2002,
	author = {Noble, William and Perrett, Stephen},
	year = {2002},
	month = {12},
	pages = {1325-36},
	title = {Hearing speech against spatially separate competing speech versus competing noise},
	volume = {64},
	journal = {Perception & psychophysics},
	doi = {10.3758/BF03194775}
}

@article{Nilsson1994,
	author = {Nilsson, Michael and Soli, Sigfrid and Sullivan, Jean},
	year = {1994},
	month = {03},
	pages = {1085-99},
	title = {Development of the Hearing In Noise Test (HINT) for the measurement of speech reception thresholds in quiet and in noise},
	volume = {95},
	journal = {The Journal of the Acoustical Society of America},
	doi = {10.1121/1.408469}
}

@inproceedings{bernschutz2013spherical,
	title={A spherical far field HRIR/HRTF compilation of the Neumann KU 100},
	author={Bernschutz, Benjamin},
	booktitle={Proceedings of the 40th Italian (AIA) annual conference on acoustics and the 39th German annual conference on acoustics (DAGA) conference on acoustics},
	pages={29},
	year={2013},
	organization={AIA/DAGA Merano}
}

@article{cuevas20193d,
	title={3D Tune-In Toolkit: An open-source library for real-time binaural spatialisation},
	author={Cuevas-Rodriguez, Maria and Picinali, Lorenzo and Gonzalez-Toledo, Daniel and Garre, Carlos and de la Rubia-Cuestas, Ernesto and Molina-Tanco, Luis and Reyes-Lecuona, Arcadio},
	journal={PloS one},
	volume={14},
	number={3},
	pages={e0211899},
	year={2019},
	publisher={Public Library of Science San Francisco, CA USA}
}

@inproceedings{shinn2003spatial,
  title={Spatial hearing advantages in everyday environments},
  author={Shinn-Cunningham, Barbara G.},
  booktitle={Proc of ONR workshop on Attention, Perception, and Modeling for Complex Displays, Troy, NY},
  year={2003}
}

@article{salorioevaluating,
	title={Evaluating Spatial Hearing using a Dual-Task Approach in a Virtual Acoustics Environment},
	author={Salorio-Corbetto, Marina and Williges, Ben and Lamping, Wiebke and Picinali, Lorenzo and Vickers, Deborah A},
	journal={Frontiers in Neuroscience},
	pages={46},
	publisher={Frontiers}
}

@online{CAPD,
    author    = {American Speech-Language-Hearing Association (ASHA)},
    title     = {Central Auditory Processing Disorder},
    url       = {https://www.asha.org/Practice-Portal/Clinical-Topics/Central-Auditory-Processing-Disorder/},
    keywords  = "asha,capd",
	year	  = {2021}
}

@online{Oculus,
    author    = {Facebook Technologies LLC.},
    title     = {Oculus Audio Spatializer Features},
    url       = {https://developer.oculus.com/documentation/unity/audio-spatializer-features/},
    keywords  = "oculus,sdk",
	year 	  = {2022}
}

@online{UnitySpatializer,
	author    = {Unity Technologies},
	title     = {VR Audio Spatializerss},
	url       = {https://docs.unity3d.com/Manual/VRAudioSpatializer.html},
	keywords  = "unity,vr,spatializer",
	year 	  = {2022}
}

@online{SteamVRPlugin,
	author    = {Valve Corporation},
	title     = {SteamVR Unity Plugin},
	url       = {https://valvesoftware.github.io/steamvr_unity_plugin/index.html},
	keywords  = "steam,vr,valve",
	year 	  = {2022}
}


@online{KEMAR,
    author    = {Bill Gardner and Keith Martin},
    title     = {HRTF Measurements of a KEMAR Dummy-Head Microphone},
    url       = {https://sound.media.mit.edu/resources/KEMAR.html},
    keywords  = "kemar,hrtf",
	year	  = {2021}
}

@online{UnityLicense,
    author    = {Unity Technologies},
    title     = {Unity Plans and pricing},
    url       = {https://store.unity.com/#plans-individual},
    keywords  = "unity,license",
	year	  = {2021}
}


@online{Soundstorm,
    author    = {Sound Storm CAPD Pty Ltd.},
    title     = {Soundstorm Webpage},
    url       = {https://www.soundstorm.app/},
    keywords  = "soundstorm,lisn",
	year 	  = {2021}
}
 
@online{Voicemaker,
    author    = {Voicemaker},
    title     = {Webpage},
    url       = {https://voicemaker.in/},
    keywords  = "tts,voicemaker",
	year 	  = {2021}
}
 


@Comment{jabref-meta: databaseType:bibtex;}
